<?xml version="1.0" encoding="UTF-8"?><record xmlns="http://www.loc.gov/MARC21/slim" xmlns:cinclude="http://apache.org/cocoon/include/1.0" xmlns:zs="http://www.loc.gov/zing/srw/">
  <leader>00484nz  a2200133n  4500</leader>
  <controlfield tag="001">no 92017026 </controlfield>
  <controlfield tag="003">DLC</controlfield>
  <controlfield tag="005">19920715052730.6</controlfield>
  <controlfield tag="008">920709n| acannaab|          |n aaa     c</controlfield>
  <datafield tag="010" ind1=" " ind2=" ">
    <subfield code="a">no 92017026 </subfield>
  </datafield>
  <datafield tag="040" ind1=" " ind2=" ">
    <subfield code="a">PPPrHi</subfield>
    <subfield code="c">PPPrHi</subfield>
  </datafield>
  <datafield tag="100" ind1="1" ind2="0">
    <subfield code="a">Evans, Hugh Ivan,</subfield>
    <subfield code="d">1887-1958</subfield>
  </datafield>
  <datafield tag="670" ind1=" " ind2=" ">
    <subfield code="a">Presbyterian Building Funds luncheon [SR] 1952:</subfield>
    <subfield code="b">hand-typed label (Hugh I. Evans)</subfield>
  </datafield>
  <datafield tag="670" ind1=" " ind2=" ">
    <subfield code="a">PPPrHi files</subfield>
    <subfield code="b">(Hugh Ivan Evans, b. 1887; d. 1958; Presbyterian minister; moderator of the General Assembly 1950/51)</subfield>
  </datafield>
</record>